@article{einstein1905,
  author    = {Raffaele Raia},{Florindo Zecconi}
  title     = {Documentazione Sistema di gestione del ciclo di vita di una pagina wiki},
  year      = {2023},
}